<?xml version="1.0" encoding="UTF-8"?><collection xmlns="http://www.loc.gov/MARC21/slim"><record><leader>00593nam--2200193-i-4500</leader><controlfield tag="001">000041498</controlfield><controlfield tag="002">20161230</controlfield><controlfield tag="005">20161230201043</controlfield><controlfield tag="008">060222s1000------------r-----000-0-eng-d</controlfield><datafield ind1=" " ind2=" " tag="020"><subfield code="a">0306406330</subfield></datafield><datafield ind1=" " ind2=" " tag="040"><subfield code="a">IFIN-HH</subfield></datafield><datafield ind1=" " ind2=" " tag="080"><subfield code="a">539.38:534.12.1:620.172.24(061.3)</subfield></datafield><datafield ind1="1" ind2=" " tag="100"><subfield code="a">Meyers, Marc A</subfield></datafield><datafield ind1="1" ind2="0" tag="245"><subfield code="a">Shock-waves and high-strain rate phenomena in metals</subfield><subfield code="b">Concepts and applications</subfield><subfield code="c">Marc a. meyers, lawrence e. murr (eds.)</subfield></datafield><datafield ind1=" " ind2=" " tag="260"><subfield code="a">New York</subfield><subfield code="b">Plenum Press</subfield><subfield code="c">1981</subfield></datafield><datafield ind1=" " ind2=" " tag="300"><subfield code="a">XIII + 1101 P</subfield></datafield><datafield ind1=" " ind2=" " tag="700"><subfield code="a">Murr, Lawrence E</subfield></datafield><datafield ind1=" " ind2=" " tag="852"><subfield code="a">70202</subfield><subfield code="c">539.3</subfield></datafield><datafield ind1=" " ind2=" " tag="CAT"><subfield code="a">Sys</subfield><subfield code="c">20130121</subfield><subfield code="h">165228</subfield></datafield></record></collection>